
@book{phillips_online_2009,
	address = {London ; Philadelphia},
	edition = {2nd ed},
	series = {{PR} in practice series},
	title = {Online public relations: a practical guide to developing an online strategy in the world of social media},
	shorttitle = {Online public relations},
	publisher = {Kogan Page},
	author = {Phillips, David and Young, Philip},
	year = {2009},
}

@article{wojdynski_measuring_2018,
	title = {Measuring {Sponsorship} {Transparency} in the {Age} of {Native} {Advertising}: {Measuring} {Sponsorship} {Transparency} in the {Age} of {Native} {Advertising}},
	volume = {52},
	shorttitle = {Measuring {Sponsorship} {Transparency} in the {Age} of {Native} {Advertising}},
	number = {1},
	journal = {Journal of Consumer Affairs},
	author = {Wojdynski, Bartosz W. and Evans, Nathaniel J. and Hoy, Mariea Grubbs},
	month = mar,
	year = {2018},
	pages = {115--137}
}

@article{yoo_brand_2014,
	title = {Brand {Transparency} in {Social} {Media}: {Effects} of {Message} {Sidedness} and {Persuasion} {Knowledge}},
	volume = {3},
	shorttitle = {Brand {Transparency} in {Social} {Media}},
	number = {2},
	journal = {The Korean Journal of Advertising},
	author = {Yoo, Chan Yun and Jeong, Hyuan Ju},
	month = sep,
	year = {2014},
	pages = {5--44}
}

@article{brandao_impact_2018,
	title = {The impact of a firm’s transparent manufacturing practices on women fashion shoppers},
	volume = {9},
	number = {4},
	journal = {Journal of Global Fashion Marketing},
	author = {Brandão, Amélia and Gadekar, Mahesh and Cardoso, Francisco},
	month = oct,
	year = {2018},
	pages = {322--342}
}

@article{schnackenberg_organizational_2016,
	title = {Organizational {Transparency}: {A} {New} {Perspective} on {Managing} {Trust} in {Organization}-{Stakeholder} {Relationships}},
	volume = {42},
	number = {7},
	journal = {Journal of Management},
	author = {Schnackenberg, Andrew K. and Tomlinson, Edward C.},
	month = nov,
	year = {2016},
	pages = {1784--1810}
}

@article{parris_exploring_2016,
	title = {Exploring transparency: a new framework for responsible business management},
	volume = {54},
	shorttitle = {Exploring transparency},
	number = {1},
	journal = {Management Decision},
	author = {Parris, Denise Linda and Dapko, Jennifer L. and Arnold, Richard Wade and Arnold, Danny},
	month = feb,
	year = {2016},
	pages = {222--247}
}

@article{reynolds_moral_2008,
	title = {Moral {Discourse} and {Corporate} {Social} {Responsibility} {Reporting}},
	volume = {78},
	number = {1-2},
	journal = {Journal of Business Ethics},
	author = {Reynolds, MaryAnn and Yuthas, Kristi},
	month = mar,
	year = {2008},
	pages = {47--64}
}

@article{kang_building_2013,
	title = {Building {Trust} in the {Consumer}-{Company} {Relationship}: {The} {Role} of {Consumer} {Perceptions} of {Transparency} and {Social} {Responsibility}},
	shorttitle = {Building {Trust} in the {Consumer}-{Company} {Relationship}},
	journal = {International Textile and Apparel Association (ITAA) Annual Conference Proceedings},
	author = {Kang, Jiyun and Hustvedt, Gwendolyn},
	month = jan,
	year = {2013}
}

@article{kang_building_2014,
	title = {Building {Trust} {Between} {Consumers} and {Corporations}: {The} {Role} of {Consumer} {Perceptions} of {Transparency} and {Social} {Responsibility}},
	volume = {125},
	shorttitle = {Building {Trust} {Between} {Consumers} and {Corporations}},
	number = {2},
	journal = {Journal of Business Ethics},
	author = {Kang, Jiyun and Hustvedt, Gwendolyn},
	month = dec,
	year = {2014},
	pages = {253--265}
}

@article{kang_contribution_2014,
	title = {The {Contribution} of {Perceived} {Labor} {Transparency} and {Perceived} {Corporate} {Giving} to {Brand} {Equity} in the {Footwear} {Industry}},
	volume = {32},
	number = {4},
	journal = {Clothing and Textiles Research Journal},
	author = {Kang, Jiyun and Hustvedt, Gwendolyn},
	month = oct,
	year = {2014},
	pages = {296--311}
}

@article{kim_impacts_2016,
	title = {The impacts of corporate social responsibility, service quality, and transparency on relationship quality and customer loyalty in the hotel industry},
	volume = {1},
	number = {1},
	journal = {Asian Journal of Sustainability and Social Responsibility},
	author = {Kim, Sung-Bum and Kim, Dae-Young},
	month = dec,
	year = {2016},
	pages = {39--55},
}

@article{morhart_brand_2015,
	title = {Brand authenticity: {An} integrative framework and measurement scale},
	volume = {25},
	shorttitle = {Brand authenticity},
	number = {2},
	journal = {Journal of Consumer Psychology},
	author = {Morhart, Felicitas and Malär, Lucia and Guèvremont, Amélie and Girardin, Florent and Grohmann, Bianca},
	month = apr,
	year = {2015},
	pages = {200--218},
}

@article{brown_teaching_2003,
	title = {Teaching {Old} {Brands} {New} {Tricks}: {Retro} {Branding} and the {Revival} of {Brand} {Meaning}},
	volume = {67},
	number = {3},
	journal = {Journal of Marketing},
	author = {Brown, Stephen and Kozinets, Robert V. and Sherry, John F.},
	month = jul,
	year = {2003},
	pages = {19--33},
}

@book{keller_strategic_1998,
	address = {Upper Saddle River, N.J},
	edition = {1st ed},
	title = {Strategic brand management: building, measuring, and managing brand equity},
	shorttitle = {Strategic brand management},
	publisher = {Prentice Hall},
	author = {Keller, Kevin Lane},
	year = {1998}
}

@article{ballantyne_evolution_2006,
	title = {The evolution of brand choice},
	volume = {13},
	number = {4-5},
	journal = {Journal of Brand Management},
	author = {Ballantyne, Ronnie and Warren, Anne and Nobbs, Karinna},
	month = apr,
	year = {2006},
	pages = {339--352}
}

@article{beverland_crafting_2005,
	title = {Crafting {Brand} {Authenticity}: {The} {Case} of {Luxury} {Wines}*},
	volume = {42},
	number = {5},
	journal = {Journal of Management Studies},
	author = {Beverland, Michael B.},
	month = jul,
	year = {2005},
	pages = {1003--1029}
}

@book{kapferer_new_2008,
	address = {London ; Philadelphia},
	edition = {4th ed., New ed},
	title = {The new strategic brand management: creating and sustaining brand equity long term},
	shorttitle = {The new strategic brand management},
	publisher = {Kogan Page},
	author = {Kapferer, Jean-Noël},
	year = {2008},
}

@techreport{bruhn_brand_2012,
	address = {Rochester, NY},
	type = {{SSRN} {Scholarly} {Paper}},
	title = {Brand {Authenticity}: {Towards} a {Deeper} {Understanding} of its {Conceptualization} and {Measurement}},
	number = {ID 2402187},
	institution = {Social Science Research Network},
	author = {Bruhn, Manfred and Schoenmüller, Verena and Schäfer, Daniela and Heinrich, Daniel},
	month = oct,
	year = {2012}
}

@article{grayson_consumer_2004,
	title = {Consumer {Perceptions} of {Iconicity} and {Indexicality} and {Their} {Influence} on {Assessments} of {Authentic} {Market} {Offerings}},
	volume = {31},
	number = {2},
	journal = {Journal of Consumer Research},
	author = {Grayson, Kent and Martinec, Radan},
	month = sep,
	year = {2004},
	pages = {296--312}
}

@article{beverland_real_2006,
	title = {The ‘real thing’: {Branding} authenticity in the luxury wine trade},
	volume = {59},
	number = {2},
	journal = {Journal of Business Research},
	author = {Beverland, Michael},
	month = feb,
	year = {2006},
	pages = {251--258}
}

@article{holt_why_2002,
	title = {Why {Do} {Brands} {Cause} {Trouble}? {A} {Dialectical} {Theory} of {Consumer} {Culture} and {Branding}},
	volume = {29},
	number = {1},
	journal = {Journal of Consumer Research},
	author = {Holt, Douglas B.},
	month = jun,
	year = {2002},
	pages = {70--90},
}

@book{grazian_blue_2003,
	address = {Chicago},
	title = {Blue {Chicago}: the search for authenticity in urban blues clubs},
	shorttitle = {Blue {Chicago}},
	publisher = {University of Chicago Press},
	author = {Grazian, David},
	year = {2003},
}

@article{leigh_consumer_2006,
	title = {The {Consumer} {Quest} for {Authenticity}: {The} {Multiplicity} of {Meanings} {Within} the {MG} {Subculture} of {Consumption}},
	volume = {34},
	number = {4},
	journal = {Journal of the Academy of Marketing Science},
	author = {Leigh, T. W.},
	month = oct,
	year = {2006},
	pages = {481--493}
}

@article{napoli_measuring_2014,
	title = {Measuring consumer-based brand authenticity},
	volume = {67},
	number = {6},
	journal = {Journal of Business Research},
	author = {Napoli, Julie and Dickinson, Sonia J. and Beverland, Michael B. and Farrelly, Francis},
	month = jun,
	year = {2014},
	pages = {1090--1098},
}

@book{blasi_moral_1994,
	title = {Moral {Development}: {Fundamental} research in moral development},
	isbn = {978-0-8153-1549-0},
	shorttitle = {Moral {Development}},
	publisher = {Taylor \& Francis},
	author = {Blasi, Augusto},
	year = {1994},
}

@article{aquino_self-importance_2002,
	title = {The self-importance of moral identity.},
	volume = {83},
	number = {6},
	journal = {Journal of Personality and Social Psychology},
	author = {Aquino, Karl and Reed, Americus},
	year = {2002},
	pages = {1423--1440},
	file = {Aquino&Reed_2002_The self-importance of moral identity.pdf:/Users/avafrancescabattocchio/Google Drive/Readings (Zotero)/Aquino&Reed_2002_The self-importance of moral identity.pdf:application/pdf}
}

@book{gilliland_what_2005,
	address = {Greenwich, Conn},
	series = {Research in social issues in management},
	title = {What motivates fairness in organizations?},
	isbn = {978-1-59311-438-1 978-1-59311-439-8},
	publisher = {Information Age Pub},
	editor = {Gilliland, Stephen},
	year = {2005},
}

@article{aquino_testing_2009,
	title = {Testing a social-cognitive model of moral behavior: {The} interactive influence of situations and moral identity centrality.},
	volume = {97},
	shorttitle = {Testing a social-cognitive model of moral behavior},
	number = {1},
	journal = {Journal of Personality and Social Psychology},
	author = {Aquino, Karl and Freeman, Dan and Reed, Americus and Lim, Vivien K. G. and Felps, Will},
	year = {2009},
	pages = {123--141}
}

@book{gilliland_what_2005-1,
	title = {What {Motivates} {Fairness} in {Organizations}?},
	isbn = {978-1-60752-775-6},
	publisher = {IAP},
	author = {Gilliland, Stephen W. and Steiner, Dirk D. and Skarlicki, Daniel P. and Bos, Kees van den},
	month = aug,
	year = {2005},
}

@incollection{aquino_self-regulatory_nodate,
	address = {Charlotte, NC},
	title = {Self-regulatory identity theory and reactions toward fairness enhancing organizational policies},
	booktitle = {What motivates fairness in organizations? {Research} in social issues in management},
	publisher = {Information Age Publishing},
	author = {Aquino, K and Reed, Americus and Stewart, M and Shapiro, D.L.},
	editor = {Gilliland, S.W and Steiner, D.D. and Skarlicki, D.P. and Van den Bos, K},
	pages = {129--148}
}
